
%@techreport{,
%	author={},
%	title={{}},
%	year={},
%	institution={}
%}

%@book{,
%	author={},
%	title={{}},
%	year={},
%	institution={}
%}

@inproceedings{bradley2016hybrid,
  title={A Hybrid Multithreaded Direct Sparse Triangular Solver},
  author={Bradley, Andrew M},
  booktitle={2016 Proceedings of the Seventh SIAM Workshop on Combinatorial Scientific Computing},
  pages={13--22},
  year={2016},
  organization={SIAM},
  doi={10.1137/1.9781611974690.ch2}
  url={http://epubs.siam.org/doi/abs/10.1137/1.9781611974690.ch2}
}
